<record><leader>00000cas a22000007a 4500</leader><controlfield tag="001">11620941</controlfield><controlfield tag="008">850125d18581898nyuwr ne      0    0eng d</controlfield><datafield ind1=" " ind2=" " tag="010"><subfield code="a">sn 84035005 </subfield></datafield><datafield ind1=" " ind2=" " tag="040"><subfield code="a">NYG</subfield><subfield code="b">eng</subfield><subfield code="c">NYG</subfield><subfield code="d">DLC</subfield><subfield code="d">NPX</subfield><subfield code="d">NYG</subfield><subfield code="d">NYS</subfield><subfield code="d">NYG</subfield><subfield code="d">NYS</subfield><subfield code="d">NVF</subfield><subfield code="d">OCL</subfield><subfield code="d">OCLCF</subfield><subfield code="d">OCLCO</subfield></datafield><datafield ind1="1" ind2=" " tag="029"><subfield code="a">AU@</subfield><subfield code="b">000020232637</subfield></datafield><datafield ind1=" " ind2=" " tag="042"><subfield code="a">msc</subfield></datafield><datafield ind1="0" ind2=" " tag="130"><subfield code="a">Schoharie Republican (Schoharie, N.Y. : 1858)</subfield></datafield><datafield ind1="0" ind2="0" tag="245"><subfield code="a">Schoharie Republican.</subfield></datafield><datafield ind1=" " ind2=" " tag="260"><subfield code="a">Schoharie, N.Y. :</subfield><subfield code="b">Joseph B. Hall,</subfield></datafield><datafield ind1=" " ind2=" " tag="300"><subfield code="a">v. ;</subfield><subfield code="c">58 cm.</subfield></datafield><datafield ind1=" " ind2=" " tag="310"><subfield code="a">Weekly</subfield></datafield><datafield ind1="0" ind2=" " tag="362"><subfield code="a">Vol. 38, no. 27 (July 1, 1858)-v. 79, no. 7 (Feb. 17, 1898).</subfield></datafield><datafield ind1=" " ind2=" " tag="500"><subfield code="a">Publishers: Joseph B. Hall, 1858-&lt;1859&gt;; J.G. Campbell, &lt;1860&gt;-1861; A.B.F. Pond, 1861-&lt;1864&gt;; Sleight &amp; Hunt, &lt;1865-1866&gt;; A.A. Hunt, &lt;1870-1887&gt;; Daniel D. Frisbie, &lt;1888&gt;-1898.</subfield></datafield><datafield ind1=" " ind2=" " tag="500"><subfield code="a">"Democratic," &lt;1876&gt;.</subfield></datafield><datafield ind1=" " ind2=" " tag="500"><subfield code="a">Editors: Sleight &amp; Hunt, &lt;1865-1866&gt;; A.A. Hunt, &lt;1870-1887&gt;.</subfield></datafield><datafield ind1=" " ind2="0" tag="651"><subfield code="a">Schoharie (N.Y.)</subfield><subfield code="v">Newspapers.</subfield></datafield><datafield ind1=" " ind2="7" tag="655"><subfield code="a">Newspapers.</subfield><subfield code="2">fast</subfield><subfield code="0">(OCoLC)fst01423814</subfield></datafield><datafield ind1=" " ind2="7" tag="651"><subfield code="a">New York (State)</subfield><subfield code="z">Schoharie.</subfield><subfield code="2">fast</subfield><subfield code="0">(OCoLC)fst01270746</subfield></datafield><datafield ind1=" " ind2=" " tag="752"><subfield code="a">United States</subfield><subfield code="b">New York</subfield><subfield code="c">Schoharie</subfield><subfield code="d">Schoharie.</subfield></datafield><datafield ind1="0" ind2="0" tag="780"><subfield code="t">Democratic Republican (Schoharie, N.Y.)</subfield><subfield code="w">(DLC)sn 83031673</subfield></datafield><datafield ind1="0" ind2="0" tag="785"><subfield code="t">Schoharie Republican and county Democrat</subfield><subfield code="w">(DLC)sn 88074579</subfield><subfield code="w">(OCoLC)18175317</subfield></datafield></record>